@Article{Grande14_TNN,
	Title                    = {Online regression for non-stationary data using Gaussian processes and reusable models},
	Author                   = {Grande, R and Walsh, T and Fergusson, S and Chowdhary, G and How, J},
	Journal                = {Transactions on Neural Networks and Learning Systems},
	Year                     = {2013}
}
	
@inproceedings{niekum2013incremental,
	title={Incremental semantically grounded learning from demonstration.},
	author={Niekum, S and Chitta, S and Barto, A G and Marthi, B and Osentoski, S},
	booktitle={Robotics: Science and Systems},
	volume={9},
	year={2013}
}
	
@article{engel2004kernel,
	title={The kernel recursive least-squares algorithm},
	author={Engel, Y and Mannor, S and Meir, R},
	journal={IEEE Transactions on Signal Processing},
	volume={52},
	number={8},
	pages={2275--2285},
	year={2004},
	publisher={IEEE}
}