% This file was created with JabRef 2.10b2.
% Encoding: UTF-8

@Article{crandall2005validating,
  Title                    = {Validating human-robot interaction schemes in multitasking environments},
  Author                   = {Crandall, Jacob W and Goodrich, Michael and Olsen Jr, Dan R and Nielsen, Curtis W and others},
  Journal                  = {IEEE Transactions on Systems, Man and Cybernetics, Part A: Systems and Humans},
  Year                     = {2005},
  Number                   = {4},
  Pages                    = {438--449},
  Volume                   = {35},

  Publisher                = {IEEE}
}

@InProceedings{crick2011human,
  Title                    = {Human and robot perception in large-scale learning from demonstration},
  Author                   = {Crick, Christopher and Osentoski, Sarah and Jay, Graylin and Jenkins, Odest Chadwicke},
  Booktitle                = {Proceedings of the 6th international Conference on Human-Robot Interaction},
  Year                     = {2011},
  Organization             = {ACM},
  Pages                    = {339--346}
}

@InProceedings{olsen2003metrics,
  Title                    = {Metrics for evaluating human-robot interactions},
  Author                   = {Olsen, Dan R and Goodrich, Michael A},
  Booktitle                = {Proceedings of PERMIS},
  Year                     = {2003},
  Pages                    = {4},
  Volume                   = {2003}
}
